<?xml version="1.0" encoding="UTF-8"?><collection xmlns="http://www.loc.gov/MARC21/slim"><record><leader>00367nam--2200145-i-4500</leader><controlfield tag="001">000016581</controlfield><controlfield tag="002">20161230</controlfield><controlfield tag="005">20170304203232</controlfield><controlfield tag="008">060222s1000------------r-----000-0-eng-d</controlfield><datafield ind1=" " ind2=" " tag="100"><subfield code="a">Dumitru, Ion Florea</subfield></datafield><datafield ind1=" " ind2=" " tag="245"><subfield code="a">Materia vie si caracteristicile ei</subfield></datafield><datafield ind1=" " ind2=" " tag="260"><subfield code="a">Bucureti</subfield><subfield code="b">Ed.Stiint.Si Encicl</subfield><subfield code="c">1980</subfield></datafield><datafield ind1=" " ind2=" " tag="300"><subfield code="a">103 p</subfield></datafield><datafield ind1=" " ind2=" " tag="852"><subfield code="a">57</subfield></datafield><datafield ind1=" " ind2=" " tag="CAT"><subfield code="a">SYS</subfield><subfield code="c">20170304</subfield><subfield code="h">203232</subfield></datafield></record></collection>